<collection xmlns="http://www.loc.gov/MARC21/slim">
<record>
  <leader>00872nam0a22001691i 450 </leader>
  <controlfield tag="001">IT\ICCU\CNCE\039845</controlfield>
  <controlfield tag="005">19981123000000.0</controlfield>
  <datafield tag="012" ind1=" " ind2=" ">
    <subfield code="a">i.o- 0201 i*a- rutu (3) 1545 (A)</subfield>
    <subfield code="2">fei</subfield>
  </datafield>
  <datafield tag="100" ind1=" " ind2=" ">
    <subfield code="a">19981031d1545        0itac0103    ba</subfield>
  </datafield>
  <datafield tag="101" ind1=" " ind2=" ">
    <subfield code="a">LAT</subfield>
  </datafield>
  <datafield tag="102" ind1=" " ind2=" ">
    <subfield code="a">IT</subfield>
  </datafield>
  <datafield tag="200" ind1="1" ind2=" ">
    <subfield code="a">Parabolae Salomonis, eiusdem Ecclesiastes, necnon tria Esaiae capita ad veritatem hebraicam castigata, &amp; per ... Thomam de Vio Caietanum cardinalem Sancti Sixti ... enarrata ... Eiusdem d. Caietani opusculum ... de coniugio regis Angliae ... His accesserunt ... commentaria angelici doctoris divi Thomae Aquinatis in Cantica Canticorum Salomonis</subfield>
  </datafield>
  <datafield tag="210" ind1=" " ind2=" ">
    <subfield code="a">\S. l.!</subfield>
    <subfield code="c">per Petrum Galterum pro Ioanne Barbaeo</subfield>
    <subfield code="d">1545</subfield>
  </datafield>
  <datafield tag="215" ind1=" " ind2=" ">
    <subfield code="a">\22!, 243 c.</subfield>
    <subfield code="d">8ʻ</subfield>
  </datafield>
  <datafield tag="300" ind1=" " ind2=" ">
    <subfield code="a">straniera</subfield>
  </datafield>
  <datafield tag="801" ind1=" " ind2="3">
    <subfield code="a">IT</subfield>
    <subfield code="b">ICCU</subfield>
    <subfield code="c">20201114</subfield>
  </datafield>
  <datafield tag="899" ind1=" " ind2=" ">
    <subfield code="a">Biblioteca dell&apos;Archivio provinciale dei frati minori cappuccini. Mestre</subfield>
    <subfield code="z">MUTILO</subfield>
    <subfield code="1">VE0111</subfield>
    <subfield code="2">ZVE 16</subfield>
  </datafield>
</record>
</collection>
